@article{xu2022redesigning,
  title        = {Redesigning and Optimizing UCSF DOCK3.7 on Sunway
    TaihuLight},
  volume       = 33,
  issn         = {2161-9883},
  url          = {http://dx.doi.org/10.1109/TPDS.2022.3194916},
  doi          = {10.1109/tpds.2022.3194916},
  number       = 12,
  journal      = {IEEE Transactions on Parallel and Distributed
    Systems},
  publisher    = {Institute of Electrical and Electronics Engineers
    (IEEE)},
  author       = {Xu, Kai and others},
  year         = 2022,
  month        = dec,
  pages        = {4458â€“4471},
}
@ARTICLE{irwin2012zinc,
  title     = "{ZINC}: a free tool to discover chemistry for biology",
  author    = "Irwin, John J and others",
  journal   = "J. Chem. Inf. Model.",
  publisher = "American Chemical Society (ACS)",
  volume    =  52,
  number    =  7,
  pages     = "1757--1768",
  month     =  jul,
  year      =  2012,
  copyright = "http://pubs.acs.org/page/policy/authorchoice\_termsofuse.html",
  language  = "en",
  doi = "10.1021/ci3001277"
}
@ARTICLE{sterling2015zinc,
  title     = "{ZINC} 15--ligand discovery for everyone",
  author    = "Sterling, Teague and Irwin, John J",
  journal   = "J. Chem. Inf. Model.",
  publisher = "American Chemical Society (ACS)",
  volume    =  55,
  number    =  11,
  pages     = "2324--2337",
  month     =  nov,
  year      =  2015,
  copyright = "http://pubs.acs.org/page/policy/authorchoice\_termsofuse.html",
  language  = "en",
  doi = "10.1021/acs.jcim.5b00559"
}